@book{Rashid_2006, title={Power Electronics Handbook: Devices, Circuits and Applications}, author={Rashid, Muhammad H.}, year={2006}, month=nov }
@book{labManual, title={DC Power Supply - PHY324 Lab Handout}, author={C.Lee}, year={2024}, month=jan }
@url{RMS, title={RMS}, url={https://rfmw.em.keysight.com/DigitalPhotonics/flexdca/UG/Content/Topics/Oscilloscope-Mode/Amplitude-Measurements/rms.htm}, language={en-us} }