@misc{harrison_2023, title={Physics Undergraduate Practicals}, url={https://practicals.physics.utoronto.ca/practicals/document/118/}, journal={practicals.physics.utoronto.ca}, author={Harrison, David M }, year={2023}, month={Apr} }
@book{labManual, title={PHY324 Blackbody Radiation Lab Manual}, author={C. Lee}, year={2024}, month={Mar}}