
@book{labManual, title={Motion in Fluids - PHY324 Lab Handout}, author={C.Lee}, year={2024}, month=jan }
@book{batchelor_2002, address={Cambridge, U.K. ; New York, Ny}, title={An introduction to fluid dynamics}, ISBN={9780521663960}, publisher={Cambridge University Press}, author={Batchelor, G K}, year={2002} }
@misc{harrison_2023, title={Physics Undergraduate Practicals}, url={https://practicals.physics.utoronto.ca/practicals/document/118/}, journal={practicals.physics.utoronto.ca}, author={Harrison, David M }, year={2023}, month={Apr} }
