@book{morin_2007, address={Cambridge}, title={Introduction to classical mechanics : with problems and solutions}, ISBN={9780521876223}, publisher={Cambridge University Press}, author={Morin, David J}, year={2007} }
@misc{harrison_2023, title={Physics Undergraduate Practicals}, url={https://practicals.physics.utoronto.ca/practicals/document/118/}, journal={practicals.physics.utoronto.ca}, author={Harrison, David M }, year={2023}, month={Apr} }
 @misc{tracker, title={Tracker Video Analysis and Modeling Tool for Physics Education}, url={https://physlets.org/tracker/}, journal={Physlets.org}, author={Brown, Douglas and Christian, Wolfgang and Hanson, Robert M}, year={2009} }